<?xml version="1.0" encoding="UTF-8"?><collection xmlns="http://www.loc.gov/MARC21/slim"><record><leader>00410nam--2200169-i-4500</leader><controlfield tag="001">000025233</controlfield><controlfield tag="002">20161230</controlfield><controlfield tag="005">20170102234036</controlfield><controlfield tag="008">060222s1000------------r-----000-0-eng-d</controlfield><datafield ind1=" " ind2=" " tag="080"><subfield code="a">621.385</subfield></datafield><datafield ind1=" " ind2=" " tag="100"><subfield code="a">Ionescu, Cezar</subfield></datafield><datafield ind1=" " ind2=" " tag="245"><subfield code="a">Catalog de tuburi electronice</subfield></datafield><datafield ind1=" " ind2=" " tag="260"><subfield code="a">Bucuresti</subfield><subfield code="b">Editura Tehnica</subfield><subfield code="c">1967</subfield></datafield><datafield ind1=" " ind2=" " tag="300"><subfield code="a">666 p</subfield></datafield><datafield ind1=" " ind2=" " tag="700"><subfield code="a">Savescu, Ana</subfield></datafield><datafield ind1=" " ind2=" " tag="852"><subfield code="a">27212</subfield></datafield><datafield ind1=" " ind2=" " tag="CAT"><subfield code="a">SYS</subfield><subfield code="c">20170102</subfield><subfield code="h">234036</subfield></datafield></record></collection>